<?xml version="1.0" encoding="UTF-8"?><collection xmlns="http://www.loc.gov/MARC21/slim"><record><leader>00399nam--2200121-i-4500</leader><controlfield tag="001">000034869</controlfield><controlfield tag="002">20161230</controlfield><controlfield tag="005">20161230201040</controlfield><controlfield tag="008">060222s1000------------r-----000-0-eng-d</controlfield><datafield ind1=" " ind2=" " tag="100"><subfield code="a">Nagele, Walter</subfield></datafield><datafield ind1=" " ind2=" " tag="245"><subfield code="a">Radioaktive indikatoren als empfindliche nachweismittel bei strahlenchemischen untersuchungen im rontgengebiet</subfield></datafield><datafield ind1=" " ind2=" " tag="260"><subfield code="a">Frankfurt Am Main, Akad.Verlagsgesellschaft, 1961. 18p</subfield></datafield><datafield ind1=" " ind2=" " tag="852"><subfield code="a">3082</subfield></datafield></record></collection>